2092 3000
930 278 955 307 v

114 376 354 419 interpositum
390 376 496 410 fuisse
531 376 640 409 minus
676 375 814 409 videtur
849 375 1036 418 probabile.
1091 376 1252 410 Ceterum
1286 376 1450 419 epinicios
1487 382 1606 411 cantus
1637 378 1669 411 in
1698 379 1771 411 uni-

113 447 250 471 versum
277 437 372 470 brevi
397 440 477 479 post
495 436 666 478 victorias,
693 437 816 479 quibus
835 437 907 471 dati
933 442 1023 481 sunt,
1053 436 1209 470 conditos
1237 447 1312 471 esse
1340 448 1406 470 non
1435 438 1541 471 solum
1568 439 1617 471 rei
1645 445 1770 472 nutura

114 497 216 532 docet
241 497 301 530 sed
328 497 432 530 etiam
460 496 538 530 inde
566 497 791 540 colligendum
823 503 885 540 est,
915 498 1005 541 quod
1033 497 1182 531 admissa
1210 508 1305 531 mora
1334 502 1367 531 et
1395 499 1427 531 in
1456 498 1588 532 decimo
1617 500 1767 533 carmine

113 557 309 601 Olympico,
347 557 438 601 quod
473 557 550 591 olim
588 557 803 592 undecimum
840 558 1033 592 Boeckhius
1070 559 1277 601 appellavit3
1321 564 1353 591 et
1392 560 1424 592 in
1455 559 1627 593 Nemeaeo
1664 562 1768 594 tertio

112 618 335 662 singulariter
356 622 559 652 excusatur:
587 629 662 652 nam
683 619 846 652 Nemeaei
866 620 1026 652 carminis
1051 620 1140 661 noni,
1170 624 1292 662 utpote
1319 630 1380 653 nec
1401 621 1523 653 victori
1547 620 1768 655 Panhellenio

112 678 275 712 destinati
303 683 338 712 et
365 678 408 712 ob
432 680 643 713 occasionem
671 679 814 713 fortuito
843 680 992 713 oblatam
1019 681 1098 723 orti7
1128 691 1270 722 prorsus
1298 680 1436 714 diversa
1467 686 1521 714 est
1549 682 1649 715 ratio.

233 741 348 783 Atque
374 741 424 774 eis
451 750 538 783 quae
563 740 604 774 de
632 751 720 774 noua
744 741 810 774 oda
837 740 1017 784 Olympica
1047 752 1152 783 supra
1179 742 1321 784 exposui
1351 752 1415 775 non
1450 742 1576 781 solum,
1607 746 1645 775 ut
1673 748 1766 785 puto,

111 799 411 834 Bornemanniana
457 801 515 834 illa
561 802 673 844 opinio
717 801 869 835 refutata
905 806 973 843 est,
1024 801 1084 835 sed
1125 802 1223 835 simul
1273 803 1375 835 etiam
1423 812 1542 836 eorum
1593 805 1763 837 sententia

111 861 350 904 labefactatur,
379 862 434 905 qui
454 861 734 895 consuetudinem
757 861 928 904 quandam
956 863 1133 895 exstitisse
1154 868 1340 896 autumant
1370 864 1515 905 epinicia
1542 865 1694 897 carmina
1721 865 1767 898 ita

112 921 345 965 componendi,
379 927 415 956 ut
441 922 484 955 ad
511 922 725 955 diversorum
752 922 918 956 fest-orum
946 923 1109 956 victorias
1138 924 1363 966 complurium
1399 934 1565 958 annorum
1589 925 1768 959 intervallo

113 983 280 1017 discretas
312 984 444 1025 pariter
478 982 709 1016 referrentur:
749 994 824 1016 nam
860 993 901 1017 ne
936 994 998 1026 pro
1037 983 1401 1027 Olympico-Pythica
1439 985 1574 1028 quidem
1610 986 1667 1019 illa
1703 985 1770 1019 oda

110 1043 230 1076 haberi
273 1047 398 1086 potest.
468 1043 596 1085 Quodsi
640 1045 715 1087 quis
765 1054 837 1077 eam
875 1054 963 1087 quae
1014 1045 1076 1078 sub
1121 1044 1348 1078 duodecimae
1391 1046 1592 1089 Olympicae
1634 1048 1769 1081 nomine

110 1104 221 1138 fertur·
256 1104 316 1138 tali
351 1105 467 1147 potius
495 1104 725 1147 appellatione
754 1104 891 1148 dignam
926 1106 1115 1148 existimat,
1154 1106 1182 1138 ei
1218 1106 1496 1149 respondendum
1534 1113 1585 1141 est
1621 1118 1764 1150 prorsus

111 1165 252 1198 similem
278 1166 426 1207 speciem
453 1166 485 1199 in
513 1167 659 1208 septima
689 1165 869 1211 Olympica
900 1167 992 1200 oriri.
1023 1165 1083 1199 sed
1111 1176 1184 1199 eam
1213 1168 1360 1209 speciem
1381 1173 1506 1210 aperte
1532 1169 1651 1202 falsam
1672 1179 1767 1202 esse:

111 1236 187 1259 nam
216 1236 290 1260 cum
318 1227 351 1260 in
378 1227 494 1269 priore
528 1227 599 1260 eius
627 1230 727 1269 parte
754 1227 920 1269 Pythicae
950 1228 1116 1260 victoriae
1150 1229 1437 1262 commemoratio
1467 1239 1541 1262 cum
1568 1228 1767 1272 Olympicae

110 1288 160 1320 ita
187 1287 424 1329 coniungatur,
454 1291 490 1320 ut
517 1292 637 1321 neutra
667 1298 749 1330 prae
775 1288 883 1321 altera
912 1289 1037 1330 respici
1066 1287 1226 1321 videatur
1254 1291 1426 1331 (Ὀλυμπίᾳ
1457 1294 1571 1321 lli-:mr
1599 1303 1631 1320 ιε
1663 1291 1769 1321 νικών-

110 1359 223 1381 ’ῐεσσιν
245 1359 274 1380 V.
303 1349 365 1382 10:
401 1348 508 1388 ἄνδρα
531 1351 607 1389 παρ’
628 1351 759 1391 Ἀλᾳειῷ
789 1351 1089 1391 σῑὲᾳαιωσιέμὸνυν
1116 1350 1240 1382 Αῐνέσω
1268 1353 1397 1390 πυγμᾶς
1436 1350 1561 1381 (ἕπου-[ι
1583 1352 1643 1382 Ka?
1677 1353 1767 1391 ,Ττιριὲ

109 1410 280 1451 Κασταλίᾳ
311 1419 341 1442 v.
375 1410 448 1451 15)7
477 1418 597 1442 versus
625 1409 724 1443 tinem
754 1409 939 1443 edocemur
966 1416 1086 1443 cantus
1114 1415 1148 1443 et
1174 1410 1431 1443 comissationis
1463 1419 1601 1443 causam
1631 1411 1661 1443 in
1692 1410 1764 1444 sola

111 1466 290 1511 Olympica
322 1470 469 1511 positam
505 1479 580 1503 esse
613 1473 706 1511 (Τίμα
743 1475 804 1511 μὲν
834 1470 936 1510 {staron
964 1473 1092 1511 τεθμὸν
1121 1473 1368 1511 Ὀλιγιλτιονῐκιιν
1404 1481 1434 1503 V.
1463 1472 1522 1507 ὃὸ)
1543 1470 1586 1513 ²3).
1647 1470 1763 1505 Solum

109 1528 217 1572 igitur
235 1529 325 1563 inter
344 1530 484 1564 Pindari
503 1531 654 1564 carmina
673 1530 854 1564 lsthmium
873 1530 1057 1573 septimum
1077 1530 1162 1564 duas
1185 1531 1399 1565 diversorum
1422 1530 1581 1565 ludorum
1600 1532 1764 1566 victorias

109 1590 315 1623 coniunctim
339 1590 509 1631 celebrat,
545 1590 605 1624 sed
640 1590 673 1624 id
708 1591 909 1633 cogentibus
934 1591 1083 1625 fortasse
1118 1592 1263 1634 publicis
1292 1590 1467 1626 Graeciae
1498 1593 1765 1636 condicionibus,

109 1660 172 1684 nec
205 1654 338 1684 tantum
374 1657 538 1694 quantum
574 1652 664 1685 inter
702 1651 791 1684 festa
828 1651 1041 1695 Olympicum
1077 1658 1111 1686 et
1145 1653 1326 1696 Pythicum
1374 1654 1465 1687 inter
1501 1654 1695 1687 Isthmicam
1733 1660 1767 1688 et

110 1710 316 1745 Nemeaeam
353 1712 511 1746 Cleandri
554 1713 735 1746 victoriam
772 1713 936 1755 temporis
981 1714 1129 1755 spatium
1165 1714 1403 1747 intercessisse
1441 1714 1590 1748 videtur.
1663 1716 1766 1748 (jerte

108 1773 142 1806 in
180 1772 245 1806 hoc
278 1776 413 1807 tantum
457 1774 564 1816 ipsam
607 1773 857 1807 comissationis
901 1777 935 1806 et
969 1774 1080 1807 laetae
1117 1785 1264 1817 pompae
1307 1785 1444 1808 causam
1484 1774 1653 1818 duplicem
1690 1786 1766 1810 esse

109 1832 331 1876 significatur,
367 1834 401 1867 id
429 1834 521 1878 quod
555 1844 651 1868 secus
690 1839 743 1867 est
781 1839 816 1867 et
850 1836 883 1868 in
917 1834 1096 1878 Olympico
1133 1837 1278 1878 septimo
1315 1841 1349 1869 et
1389 1837 1421 1869 in
1465 1835 1643 1879 Olympico
1683 1836 1765 1870 duo-

110 1892 250 1927 decimo.
309 1894 425 1936 Ipsum
464 1900 577 1928 autem
617 1894 833 1937 Olympicum
878 1894 1116 1929 duodecimum
1161 1897 1212 1930 cui
1250 1897 1417 1929 victoriae
1455 1896 1664 1930 destinatum
1704 1898 1759 1932 sit,

109 1954 257 1987 fortasse
286 1964 306 1988 a
334 1955 502 1989 nonnullis
529 1955 666 1989 dubium
693 1955 885 1988 existimari
915 1961 1045 1998 potest:
1082 1957 1161 1990 milii
1202 1961 1237 1990 ut
1276 1961 1379 1990 antea
1415 1958 1463 1990 ita
1491 1968 1579 1991 nunc
1620 1963 1764 2001 propter

110 2015 349 2057 gravissimum
382 2015 533 2059 pondus,
577 2026 643 2059 quo
685 2016 719 2049 in
754 2025 857 2049 versu
886 2018 926 2049 17
966 2027 1031 2050 vox
1066 2020 1226 2060 ’Olviim'qe
1264 2017 1424 2060 effertur,
1472 2017 1515 2051 ad
1551 2017 1762 2061 (Hympicam

109 2075 285 2118 pertinere
325 2076 480 2119 videtur⁷
535 2086 596 2110 nec
649 2076 799 2110 debebat
853 2076 930 2110 huic
977 2078 1102 2111 rationi
1145 2077 1382 2111 Schroederus
1441 2078 1639 2112 collocatam
1686 2085 1765 2122 post

109 2134 306 2170 Isthmiadis
339 2137 544 2171 mentionem
581 2147 698 2171 vocem
730 2143 844 2181 Νεμέᾳ
887 2139 920 2172 in
961 2138 1092 2172 Isthmii
1131 2140 1289 2172 carminis
1324 2140 1460 2181 septimi
1496 2150 1599 2173 versu
1638 2144 1763 2183 quarto

109 2206 294 2240 opponere.
349 2197 470 2242 Neque
495 2199 582 2232 enim
611 2198 752 2233 Pindari
790 2210 846 2234 ars
879 2201 912 2234 in
948 2199 1153 2234 collocandis
1190 2200 1304 2233 verbis
1339 2210 1378 2234 eo
1415 2201 1630 2245 continetur,
1671 2201 1762 2245 quod

109 2257 343 2292 valentissima
378 2269 534 2303 quaeque
569 2269 705 2303 semper
740 2261 772 2294 in
803 2262 1051 2295 sententiarum
1085 2262 1181 2295 initio
1213 2262 1326 2304 ponit7
1365 2260 1424 2294 sed
1471 2262 1498 2295 si
1532 2272 1619 2306 quae
1654 2263 1761 2296 verba

110 2317 321 2352 audientium
348 2320 488 2353 auribus
513 2320 566 2353 vel
595 2321 741 2355 maxime
768 2321 939 2365 infigenda
967 2327 1063 2365 sunt,
1102 2323 1150 2356 eis
1188 2323 1298 2356 locum
1329 2323 1494 2365 insignem
1523 2323 1556 2356 in
1584 2324 1681 2357 initio
1706 2324 1759 2356 vel

109 2378 176 2413 fine
210 2379 282 2413 sive
315 2381 563 2414 sentent-iarum
600 2382 672 2416 sive
698 2392 858 2416 versuum
887 2382 1040 2416 tribuere
1069 2383 1173 2426 solet,
1205 2384 1324 2427 itaque
1353 2384 1407 2417 liic
1435 2384 1535 2417 etiam
1566 2384 1759 2418 Nemeaeae

109 2440 276 2474 victoriae
303 2440 582 2484 significationem
608 2454 682 2477 cum
710 2453 842 2477 summa
868 2444 900 2477 vi
926 2444 958 2477 in
985 2443 1051 2477 fine
1086 2444 1252 2487 longioris
1276 2454 1398 2478 versus
1429 2445 1578 2479 exhibet.
1630 2445 1759 2479 Verum

208 2536 232 2569 *)
251 2536 329 2562 Hane
348 2546 403 2563 reni
431 2538 484 2564 iam
507 2539 687 2565 Schroederus
714 2540 731 2566 l.
752 2549 773 2566 c.
801 2541 1012 2571 animadvertit,
1037 2550 1084 2567 nec
1109 2544 1202 2567 tumen
1224 2542 1249 2567 id
1278 2543 1348 2574 quod
1375 2542 1438 2568 inde
1466 2542 1645 2575 consequitur
1666 2549 1761 2575 aperte

111 2578 268 2611 prolocutus
284 2582 334 2606 est.
