2105 2879
1051 209 1110 239 x'nl

257 309 316 343 sed
351 309 522 342 meliorem
553 308 734 341 Armeniae
770 307 935 339 versionis
971 307 1213 339 auctoritatem
1242 307 1433 349 sequimur.
1472 306 1513 339 ad
1542 306 1776 349 Olympiadem
1806 310 1900 351 quin-

257 370 487 413 quagesimam
520 369 602 401 llaec
628 368 789 402 ascribit:
826 367 978 399 ‘Isthmia
1007 372 1083 409 post
1110 366 1324 400 Melicerteni
1354 372 1387 400 et
1413 367 1538 409 Pythia
1562 378 1581 410 p
1594 368 1687 401 rius
1715 369 1902 402 constituta

258 429 405 464 sunt'²³²l:
443 440 547 471 (piae,
585 429 612 462 si
639 427 720 471 quid
750 427 866 467 video,
902 428 934 460 in
962 427 1098 460 brevius
1127 433 1304 460 contracto
1334 428 1460 460 maiore
1487 428 1600 471 aliquo
1625 429 1800 461 enuntiato
1827 435 1902 461 orta

258 496 346 531 sunt,
376 489 466 533 quod
495 489 656 522 lstlnnios
683 488 780 522 ludos
811 489 883 531 ipso
907 487 962 520 illo
990 498 1077 520 :inno
1100 487 1269 529 conditos,
1302 488 1446 530 I'ytliios
1463 488 1612 521 nonnihil
1631 494 1710 522 ante
1727 489 1902 523 institutos

259 552 362 585 fuisse
390 550 633 592 explicaverat.

364 611 435 644 Nec
463 613 543 652 puto
572 609 613 642 de
640 610 790 643 veritate
818 618 934 642 eorum
963 618 1050 650 quae
1078 608 1252 651 hucusque
1280 609 1437 650 exposita
1472 613 1550 642 sunt
1578 613 1761 651 propterea
1788 620 1902 652 quem-

260 683 360 715 quam
387 671 622 704 dubitaturum
652 680 737 711 esse,
767 670 846 712 quia
874 668 914 701 de
942 669 1144 710 interposito
1174 669 1264 701 inter
1290 669 1507 702 coronarium
1535 669 1666 702 mediae
1692 668 1904 713 Olympiadis

261 731 653 774 undequmquagesimae
680 730 797 763 ludum
827 733 861 762 ct
892 729 1064 762 aerarium
1093 729 1149 772 qui
1176 729 1365 771 praecessit
1392 729 1582 771 intervallo,
1611 729 1701 772 quod
1727 731 1905 764 marmoris

263 793 353 825 l‘arii
380 796 501 826 auctor
520 802 683 827 novenum
714 791 740 823 is
769 791 825 833 qui
854 789 1070 832 hypiuliesim
1099 789 1304 833 l'ytliiorum
1324 790 1515 832 composuit
1532 800 1688 833 sexenne,
1718 790 1906 824 Pausanias

261 853 470 896 ‹puulrienne
504 863 578 885 esse
615 852 739 894 voluit,
784 851 921 883 diversa
959 849 1150 883 traduntur.
1217 849 1352 883 Etenim
1399 850 1508 883 nullus
1545 850 1663 883 liorum
1700 851 1905 893 scriptorum

263 914 432 947 aerarium
453 913 567 946 ludum
588 913 772 954 repetitum
794 922 869 944 esse
886 912 1003 953 rel'ert,
1035 911 1083 943 ita
1108 915 1143 943 ut
1170 910 1233 943 lioc
1256 910 1335 943 ludo
1355 917 1510 943 ornatum
1531 911 1653 943 festum
1674 917 1708 944 et
1729 912 1907 944 verissime

261 980 295 1008 et
328 975 576 1017 simplicissime
612 974 757 1015 primae,
805 971 887 1005 illud
932 976 1044 1004 autem
1081 972 1112 1004 in
1144 982 1209 1014 quo
1253 972 1398 1013 primum
1435 972 1632 1004 coronarius
1670 972 1907 1005 instruebatur

261 1035 430 1068 secundae
450 1033 631 1077 Pytlmulis
661 1044 782 1066 nomen
804 1033 987 1074 acceperit.
1041 1031 1170 1073 Quodsi
1190 1042 1354 1065 annorum
1373 1032 1520 1073 spatium
1549 1031 1637 1074 quod
1657 1033 1745 1065 inter
1765 1033 1907 1074 primuni

262 1101 293 1129 et
332 1095 515 1129 secundam
550 1094 755 1137 Pytliiadem
802 1093 1038 1126 intercessisse
1071 1092 1279 1125 credebatur
1322 1092 1364 1125 al)
1399 1103 1437 1125 eo
1478 1092 1566 1134 quod
1610 1092 1757 1135 reliquas
1792 1092 1907 1126 divisit

263 1156 461 1197 differebat,
489 1155 522 1188 id
550 1155 660 1197 ipsum
690 1159 811 1196 utpote
841 1153 1042 1186 iustioribus
1071 1159 1226 1195 tempora
1254 1151 1473 1194 comlmtandi
1502 1153 1691 1185 rationibus
1716 1163 1908 1195 repugnans

262 1217 359 1250 facile
387 1229 426 1249 eo
452 1215 576 1249 ducere
602 1220 739 1257 poterat
767 1219 804 1247 ut
835 1214 875 1246 de
898 1214 1027 1256 primae
1054 1212 1244 1255 Pytliiadis.
1273 1213 1292 1245 i.
1322 1223 1349 1245 e.
1379 1211 1420 1244 de
1448 1213 1572 1245 aerarii
1601 1212 1668 1246 ludi
1697 1224 1782 1246 anno
1810 1213 1910 1246 aliter

263 1282 475 1311 statueretur
502 1281 605 1319 atque
633 1275 711 1309 inde
743 1275 901 1308 diversae
929 1275 1005 1308 illae
1029 1274 1205 1316 opiniones
1233 1272 1528 1315 nascerentur.³³³²³‘)

363 1338 493 1370 Tantae
521 1337 644 1370 turbae
674 1337 706 1369 in
742 1334 942 1369 definiendis
972 1334 1195 1378 Pytliicarum
1233 1333 1377 1366 odarum
1414 1333 1626 1375 temporibus
1663 1334 1815 1375 profecto
1845 1344 1911 1367 nou

263 1399 489 1440 exstitissent,
520 1398 546 1430 si
574 1398 639 1430 viri
665 1396 755 1430 docti
783 1397 874 1438 ipsos
902 1396 1003 1437 locos,
1034 1395 1156 1438 quibus
1177 1393 1448 1437 superstruenda
1476 1398 1529 1427 est
1553 1394 1784 1436 investigatio,
1815 1404 1911 1428 accu-

264 1459 371 1492 ratius
399 1458 628 1500 inspexissent
655 1467 766 1500 neque
803 1456 970 1489 incertam
1003 1457 1127 1488 faniam
1159 1454 1200 1488 (le
1229 1454 1433 1488 testimoniis
1470 1464 1556 1497 quae
1584 1465 1748 1497 nusquam
1777 1460 1913 1488 exstant

263 1520 371 1553 secuti
402 1523 536 1552 essent:
574 1529 640 1561 quo
668 1518 809 1551 crimine
838 1527 890 1550 me
918 1517 1029 1559 ipsum
1060 1526 1304 1559 usquequaque
1333 1516 1481 1548 eximere
1507 1525 1648 1558 nequeo.
1702 1517 1752 1548 Ac
1777 1526 1913 1558 possem

264 1591 353 1613 nune
380 1579 459 1612 huic
487 1578 712 1621 disputationi
746 1578 845 1610 linem
880 1578 1078 1619 imponere:
1114 1586 1234 1609 verum
1271 1576 1404 1609 animus
1437 1575 1503 1609 sert
1537 1576 1635 1609 simul
1668 1587 1742 1609 eam
1776 1582 1913 1619 partem

264 1640 505 1682 cln·‹r›nologiae
539 1638 743 1672 Pindaricae
780 1641 994 1679 retractare,
1035 1647 1122 1680 quae
1164 1636 1207 1669 ad
1246 1637 1415 1679 Olympici
1450 1637 1608 1670 carminis
1643 1637 1742 1679 primi
1779 1642 1913 1680 tempus

265 1705 416 1743 spectat,
456 1700 534 1741 quia
568 1699 713 1732 antchac
741 1698 783 1732 de
819 1708 859 1731 ea
895 1698 1009 1740 paullo
1046 1697 1187 1731 calidius
1223 1697 1392 1731 iudicasse
1425 1696 1553 1731 videor.
1615 1696 1753 1731 Scilicet
1786 1699 1851 1731 iam
1881 1698 1913 1730 in

266 1761 551 1794 commentatione
570 1770 657 1793 anno
680 1760 772 1792 isso
791 1758 931 1801 prodita
955 1759 1002 1792 eis
1023 1758 1080 1801 qui
1101 1768 1175 1791 cum
1195 1757 1345 1800 Bergkio
1364 1758 1515 1791 sentiunt
1538 1758 1673 1801 Didymi
1692 1757 1914 1792 adnotatione

266 1821 310 1854 ad
338 1832 474 1854 versum
508 1822 550 1854 33
588 1824 779 1854 commotus
818 1820 989 1861 concessi,
1027 1818 1112 1852 duas
1138 1819 1300 1852 victorias
1327 1819 1521 1861 Olympicus
1557 1829 1640 1861 quas
1676 1819 1782 1852 celete
1808 1818 1914 1853 Hiero

266 1886 470 1915 consecutus
496 1886 549 1915 est
576 1880 618 1914 ad
639 1879 862 1923 Olympiades
896 1880 1184 1922 septuagesinnun
1208 1884 1340 1912 sextum
1362 1884 1396 1912 et
1421 1880 1709 1921 septuagesimam
1736 1880 1914 1922 septimam

268 1943 459 1985 pertinere:
498 1941 532 1975 id
567 1941 657 1985 quod
688 1951 776 1974 novo
812 1940 1029 1983 postmodum
1072 1944 1273 1983 argumento
1312 1939 1354 1973 ab
1383 1940 1492 1973 amico
1527 1939 1725 1973 doctissimo
1751 1939 1916 1975 Eduardo

268 2003 445 2036 Luebbert
471 2003 708 2036 confirmatum
737 2005 798 2034 est.
852 2001 961 2034 Recte
989 2001 1076 2034 enim
1105 2000 1159 2033 ille
1188 2001 1220 2032 in
1249 2001 1539 2033 commentatione
1566 2000 1607 2033 de
1627 2000 1765 2034 Pindari
1794 2005 1916 2043 poetae

269 2070 304 2096 et
330 2063 490 2096 Hieronis
518 2063 608 2105 regis
636 2062 806 2095 amicitiae
844 2060 1040 2104 primordiis
1069 2064 1102 2093 et
1137 2069 1323 2102 progressu
1359 2070 1445 2093 anno
1476 2063 1565 2093 isso
1594 2062 1719 2095 emissa
1746 2063 1916 2105 exposuit,

373 2210 396 2241 Ἴ
419 2209 460 2234 Ita
481 2210 562 2234 verba
582 2209 712 2234 Armenia
731 2209 765 2234 al>
787 2209 910 2234 Aucliero
933 2211 1005 2233 recte
1026 2207 1161 2232 translatu.
1183 2216 1238 2231 esse
1259 2206 1419 2231 iamdudum
1440 2216 1455 2231 n
1475 2206 1684 2232 Gildemeistero
1704 2207 1815 2232 edoctus
1834 2207 1918 2239 signi—

268 2254 411 2278 ficaveram}
433 2252 576 2283 (Pindar's
598 2252 685 2277 Leben
707 2252 762 2277 und
780 2252 918 2284 Dichtimq
940 2260 963 2283 p.
984 2251 1051 2281 482).

370 2296 407 2318 *Μ
435 2295 573 2325 Quomodo
603 2295 658 2319 alia
684 2294 863 2327 computandi
894 2294 964 2318 ratio
988 2302 1020 2318 ex
1047 2292 1102 2317 alia
1126 2295 1184 2317 orta
1207 2295 1291 2319 esset,
1321 2292 1464 2318 enucleare
1483 2293 1586 2317 studuit
1610 2294 1750 2325 Augustus
1771 2292 1920 2317 Mommsen

270 2338 461 2370 (Chrmzolnyie
480 2346 504 2370 p,
527 2338 599 2364 19131.
620 2338 734 2362 fortasse
756 2336 840 2362 nimio
859 2336 984 2361 acumine
1005 2344 1074 2361 usus.
1114 2338 1197 2366 Quem
1221 2335 1308 2360 virum
1330 2336 1441 2361 doctum
1462 2336 1607 2361 dolendum
1628 2338 1668 2362 est
1688 2344 1775 2367 neque
1794 2334 1919 2361 Schoenii

273 2379 415 2405 Eusebium
435 2388 521 2412 neque
542 2380 678 2413 'l‘yclionis
706 2379 876 2405 Momnisenii
898 2379 1043 2405 Pindarum
1069 2378 1096 2403 in
1125 2378 1248 2403 manibus
1275 2378 1418 2407 habuisse,
1445 2387 1504 2403 eum
1534 2388 1565 2404 ea
1591 2382 1764 2411 componeret
1789 2386 1857 2411 quae
1884 2378 1918 2403 ad

272 2422 436 2455 Pytliiuduni
465 2423 583 2448 rationes
610 2423 764 2455 pertinent:
792 2422 874 2448 aliter
900 2422 970 2447 enim
1000 2421 1026 2446 in
1053 2421 1231 2446 adnotatione
1257 2421 1290 2446 ad
1317 2430 1339 2454 p.
1364 2424 1410 2446 1¹³0
1439 2430 1526 2453 ιιι-(μω
1547 2421 1662 2447 Eusebio
1686 2421 1825 2447 tribuisset
1849 2430 1919 2454 quae

272 2473 326 2490 non
347 2467 410 2490 sunt
432 2465 585 2491 Etis-*biania
613 2474 700 2498 neque
728 2465 755 2490 in
783 2465 921 2491 afferendo
941 2464 1044 2489 scholio
1063 2464 1096 2489 ad
1116 2463 1250 2497 Olympici
1275 2464 1402 2489 carminis
1423 2464 1573 2490 duodecimi
1598 2464 1800 2497 inscriptionem
1820 2465 1918 2490 iustam

270 2508 434 2541 scripturam
456 2507 482 2533 in
502 2508 716 2533 Mommseniano
735 2508 924 2533 annotationis
947 2507 1057 2532 criticae
1076 2507 1266 2540 supplemento
1287 2516 1311 2540 p.
1335 2508 1380 2533 155
1401 2507 1549 2534 exhibitum
1572 2507 1743 2539 neglexisset.
