2092 3000
1037 225 1076 255 lX

235 334 275 358 ea
303 334 390 368 quae
416 324 606 358 Pausanias
636 322 694 365 Vl,
726 324 794 366 9,2
823 321 864 356 de
896 321 1025 357 Gelone
1052 321 1171 366 Ge100,
1201 324 1257 366 qui
1280 321 1482 366 Olympiade
1507 322 1763 365 septuagesima
1779 321 1884 354 tertia

236 395 340 419 curru
367 386 479 419 victor
504 384 568 418 fuit
595 393 761 427 quemque
788 383 955 417 hominem
983 384 1156 427 privatum
1185 384 1289 417 fuisse
1319 382 1502 426 contendit,
1531 382 1594 416 sibi
1622 383 1714 416 visus
1746 386 1799 416 est
1826 392 1883 416 ex-

234 446 363 489 plicare
387 455 490 488 posse
516 448 663 487 propter
691 454 842 478 errorem
869 445 967 478 nimis
995 445 1211 478 manifestum
1241 444 1330 478 nullo
1358 448 1460 487 pacto
1477 443 1578 477 scribi
1607 443 1771 486 potuisse,
1799 443 1827 476 si
1851 443 1884 477 in

239 505 553 550 Olympionicarum
583 505 781 548 anagrapba
810 506 900 539 iuter
925 505 1075 539 eiusdem
1097 504 1309 549 Olympiadis
1328 506 1477 539 victores
1494 503 1634 538 Gelonis
1658 504 1749 547 regis
1774 503 1884 537 frater

233 577 252 600 a
284 570 384 610 patre
413 566 599 600 Dinomene
628 571 659 599 et
688 567 761 609 ipse
789 567 992 610 progenitus
1020 570 1307 600 commemoratus
1324 566 1455 599 fuisset.
1508 563 1602 607 Quae
1627 575 1701 598 cum
1730 565 1778 598 ita
1805 565 1882 608 sint,

232 627 431 671 ambiguum
461 636 542 661 sane
570 627 678 660 videri
708 631 821 670 potest
849 632 962 660 utrum
992 626 1207 673 Olympiadis
1243 627 1519 670 septuagesimae
1547 630 1665 659 sextae
1699 636 1739 659 au
1768 624 1884 669 Olym-

233 688 345 731 piadis
373 688 650 731 septuagesimae
679 689 847 731 septimae
872 688 1050 722 victoriam
1078 688 1133 721 illo
1165 688 1314 721 carmine
1341 688 1382 721 de
1410 697 1474 731 quo
1504 697 1615 720 sermo
1643 691 1695 720 est
1713 685 1883 720 Pindarus

234 749 413 783 cecinerit:
455 749 534 792 quin
563 749 665 782 immo
695 758 734 781 eo
762 749 896 782 cautius
927 759 988 782 nos
1015 748 1166 782 iudicare
1194 749 1310 791 decet,
1347 758 1419 782 cuni
1447 748 1488 781 de
1515 757 1555 781 ea
1583 757 1619 780 re
1651 748 1717 781 iam
1745 750 1882 780 veteres

233 810 449 853 grammatici
483 810 574 843 inter
609 820 645 843 se
672 809 916 851 dissenserint,
952 810 1042 843 inter
1069 820 1153 852 quos
1180 810 1394 843 Aristonicus
1419 809 1620 852 posteriori,
1650 807 1882 851 Apollodorus

236 881 275 904 ac
302 870 471 914 Didymus
498 870 604 913 priori
633 870 798 904 victoriae
826 869 924 903 odam
955 870 1189 903 attribuerunt
1252 869 1321 903 Iam
1346 879 1428 902 vero
1446 868 1701 902 evidentissime.
1719 868 1883 902 falluntur

235 933 262 965 si
294 932 351 974 qui
380 930 490 965 adhuc
518 935 596 964 sunt
623 931 678 974 qui
710 931 886 974 pertinens
924 930 966 964 ad
994 929 1229 974 Olympiadem
1266 930 1552 972 septuagesimam
1585 935 1716 963 sextam
1746 939 1882 962 carmen

237 991 454 1038 Olympicum
489 992 628 1025 tertium
663 995 848 1034 propterea
884 996 962 1034 post
998 992 1144 1034 primum
1185 990 1355 1024 conditum
1385 1000 1459 1023 esse
1493 991 1694 1033 opinantur,
1731 989 1821 1033 quod
1849 990 1883 1023 in

232 1052 298 1086 fine
325 1052 415 1085 illius
450 1052 566 1085 eodem
600 1052 784 1095 proverbio
814 1062 879 1096 quo
908 1053 940 1085 in
976 1052 1075 1085 huius
1113 1052 1208 1085 initio
1234 1051 1406 1084 Pindarus
1433 1061 1514 1084 usus
1543 1057 1611 1093 est,
1650 1051 1745 1095 quasi
1780 1054 1883 1093 poeta.

229 1113 287 1147 illa
314 1113 520 1156 repetitione
547 1112 738 1146 Theronem
768 1123 872 1156 supra
899 1112 1082 1146 Hieronem
1113 1112 1278 1146 extollere
1305 1122 1344 1146 ac
1373 1122 1508 1155 regem,
1534 1122 1633 1154 quem
1663 1111 1776 1154 paullo
1803 1115 1881 1145 ante

236 1173 414 1217 magnifice
435 1173 682 1216 celebraverat,
713 1173 877 1207 invidiose
899 1173 1096 1207 detrectare
1116 1174 1275 1216 voluerit,
1304 1172 1395 1216 quod
1422 1183 1520 1216 quani
1549 1172 1722 1216 indignum
1748 1173 1793 1206 sit
1816 1183 1883 1206 non

233 1244 320 1277 opus
348 1239 401 1268 est
429 1234 585 1277 pluribus
613 1244 795 1277 exponere.
850 1233 917 1268 Sed
945 1245 986 1268 ne
1014 1234 1090 1268 inde
1118 1234 1265 1278 quidem,
1306 1233 1395 1277 quod
1420 1234 1587 1267 victoriae
1616 1237 1694 1266 ante
1721 1237 1883 1276 acceptae

234 1295 324 1329 nulla
355 1295 481 1328 mentio
509 1294 564 1337 fit,
603 1294 830 1328 demonstrari
866 1299 982 1337 potest
1020 1295 1118 1329 odam
1148 1294 1358 1338 olympicam
1395 1295 1538 1338 primam
1575 1294 1681 1336 priori
1716 1294 1883 1328 victoriae

241 1355 447 1389 destinatam
475 1366 560 1398 csse,
589 1356 668 1399 quia
698 1366 714 1388 e
730 1355 876 1399 Pythico
905 1358 1053 1389 carmine
1077 1357 1187 1399 primo
1213 1357 1296 1389 satis
1315 1355 1525 1398 intellegitur
1543 1354 1632 1388 nulla
1650 1355 1725 1398 lege
1744 1358 1882 1398 poetam

232 1417 437 1451 obstrictum
460 1416 587 1459 fuisse,
614 1420 651 1449 ut
680 1415 769 1459 apud
796 1426 895 1459 reges
927 1417 1028 1450 etiam
1065 1418 1121 1460 qui
1149 1426 1210 1459 per
1238 1426 1390 1449 sessores
1419 1416 1471 1449 vel
1500 1416 1638 1458 aurigas
1665 1416 1728 1449 sibi
1750 1415 1882 1458 palmas

240 1477 411 1520 parabant
437 1487 553 1510 omnes
580 1481 815 1510 anteactorum
846 1480 1036 1520 temporum
1058 1478 1220 1511 victorias
1253 1478 1459 1520 agonisticas
1478 1481 1704 1510 enumeraret
1756 1476 1795 1510 In
1820 1476 1882 1510 hoc

237 1543 520 1582 argumentorum
549 1537 591 1571 ad
619 1537 894 1580 persuadendum
920 1548 1002 1571 vere
1030 1538 1360 1572 accommodatorum
1378 1538 1511 1571 defectu
1532 1547 1594 1580 ego
1614 1536 1670 1570 diu
1691 1537 1882 1571 arbitratus

231 1609 304 1632 sum
336 1609 430 1642 spem
459 1599 606 1632 currulis
633 1600 800 1632 victoriae
828 1599 861 1632 in
887 1599 953 1632 fine
976 1600 1135 1633 carminis
1158 1609 1355 1642 expressam
1376 1605 1504 1641 vetare,
1530 1608 1572 1631 ne
1599 1597 1640 1631 de
1663 1598 1879 1632 celeticarum

236 1660 460 1694 victoriarum
489 1660 605 1702 priore
633 1660 814 1703 cogitetur,
843 1660 999 1703 quoniam
1030 1660 1057 1693 si
1078 1659 1183 1693 Hiero
1211 1660 1353 1693 alteram
1382 1659 1491 1692 adhuc
1521 1659 1695 1693 celeticam
1725 1659 1880 1702 appetiit,

234 1724 418 1764 postquam
456 1720 624 1754 currulem
654 1720 865 1764 olympicam
904 1721 967 1754 sibi
1005 1722 1104 1754 unice
1136 1731 1222 1754 nunc
1255 1719 1482 1763 exoptandam
1519 1730 1594 1753 esse
1631 1719 1881 1763 quodammodo

230 1782 365 1824 publice
391 1792 453 1824 per
483 1781 621 1815 Pindari
651 1792 688 1815 os
716 1782 931 1824 pronuntiari
958 1783 1075 1825 iussit,
1112 1792 1232 1824 parum
1270 1781 1303 1814 id
1339 1781 1520 1814 convenire
1556 1792 1629 1814 cum
1656 1781 1880 1814 certaminum

231 1852 331 1876 sacra
361 1842 572 1876 auctoritate
601 1842 794 1875 videbatur.
855 1842 961 1885 Atqui
989 1842 1216 1876 confitendum
1246 1849 1296 1875 est
1327 1842 1389 1875 hoc
1417 1852 1550 1885 quoque
1580 1853 1645 1874 non
1682 1851 1757 1875 esse
1793 1842 1881 1875 eius-

231 1901 321 1935 modi
349 1907 387 1935 ut
413 1912 482 1936 rem
511 1902 687 1945 absolvat,
717 1913 791 1936 cum
817 1912 877 1936 nec
908 1906 1027 1936 nostra
1056 1902 1246 1935 studiorum
1277 1903 1409 1935 illorum
1439 1902 1702 1945 agonisticomini
1732 1903 1880 1945 cognitio

233 1963 318 1996 satis
345 1967 441 1996 certa
468 1963 512 1996 sit
548 1967 582 1996 et
617 1964 735 1996 variae
772 1964 920 1996 sortasse
953 1973 1077 1996 causae
1114 1963 1303 2005 excogitari
1337 1963 1466 2005 possint
1503 1972 1590 2005 quae
1626 1962 1809 1996 Hieronem
1839 1962 1881 1996 ad

232 2033 355 2056 novum
386 2033 549 2057 conamen
578 2023 753 2057 celeticum
783 2024 1012 2057 incitaverint.
1066 2022 1139 2065 Quo
1160 2024 1289 2057 accedit
1312 2023 1401 2066 quod
1425 2034 1485 2066 pro
1506 2023 1676 2056 contraria
1700 2024 1880 2066 sententia,

233 2094 321 2127 quae
348 2085 498 2127 priorem
528 2085 706 2118 victoriani
738 2094 756 2117 a
775 2084 926 2118 Pindaro
947 2084 1151 2118 celebratam
1179 2085 1310 2127 statuit,
1340 2084 1426 2117 «luae
1453 2085 1604 2117 rationes
1626 2084 1762 2117 minime
1789 2084 1881 2118 leves

237 2144 351 2178 afferri
377 2149 532 2188 possunt,
561 2155 648 2188 quae
678 2155 731 2178 me
759 2156 847 2179 nunc
873 2150 1011 2179 movent
1040 2150 1077 2179 ut
1104 2146 1223 2179 relicta
1252 2156 1290 2179 ea
1318 2156 1416 2188 quam
1444 2151 1543 2178 antea
1571 2144 1705 2178 defendi
1736 2145 1767 2177 in
1795 2144 1883 2179 hanc

233 2206 351 2248 potius
379 2205 548 2239 inclinem.
602 2205 730 2240 Earum
771 2207 941 2240 rationum
967 2217 1032 2240 una
1067 2206 1149 2240 haec
1178 2213 1229 2239 est
1259 2206 1347 2249 quod
1374 2211 1476 2249 poeta
1506 2205 1717 2248 Olympiadis
1744 2209 1882 2248 septua-

233 2266 384 2308 gesimae
422 2271 540 2300 sextae
575 2272 731 2310 tempore
765 2268 958 2310 complures
992 2269 1084 2301 viros
1110 2267 1241 2301 Siculos
1269 2267 1389 2301 cecinit
1427 2266 1526 2309 idque
1552 2266 1746 2299 facillimum
1776 2266 1881 2309 expli-

233 2330 346 2360 catum
367 2327 472 2361 habet
492 2328 518 2361 si
541 2333 621 2361 tunc
642 2329 763 2371 ipsum,
793 2328 826 2361 id
846 2328 935 2372 quod
961 2330 993 2361 in
1013 2328 1075 2362 oda
1098 2328 1139 2361 de
1167 2339 1230 2371 qua
1252 2328 1446 2371 quaerimus
1472 2327 1688 2371 describitur,
1717 2327 1749 2360 in
1767 2326 1882 2360 Sicilia

232 2397 397 2430 praesens
421 2388 502 2430 fuit,
543 2388 651 2422 altera
685 2389 769 2422 haec
798 2389 887 2433 quod
915 2390 947 2423 in
982 2389 1110 2423 scholio
1146 2388 1188 2422 ad
1224 2400 1359 2422 versum
1389 2390 1432 2422 33
1464 2387 1630 2431 Didymus
1666 2398 1724 2421 eos
1755 2388 1882 2421 acriter

233 2448 412 2491 vituperat
450 2449 505 2492 qui
541 2453 621 2482 ante
662 2449 831 2483 conditam
868 2450 985 2483 urbem
1016 2451 1159 2483 Aetnam
1198 2460 1334 2483 carmen
1363 2454 1473 2483 ortum
1512 2459 1586 2482 esse
1622 2453 1808 2491 negarunt,
1845 2452 1883 2482 ut

233 2508 394 2552 colligere
421 2509 523 2543 liceat
554 2509 595 2543 de
624 2510 756 2553 origine
790 2511 862 2544 eius
894 2511 934 2544 ad
963 2510 1199 2555 Olympiadem
1229 2511 1513 2553 septuagesimam
1543 2514 1672 2543 sextam
1701 2508 1881 2542 referenda

1654 2571 1670 2596 2
