2238 3021
740 809 1073 856 ACADEMIAE
1113 808 1533 856 MARBL'RGENSIS

436 910 929 989 RECTOR
981 909 1251 989 CUM
1313 907 1817 987 SENATU

762 1040 1133 1073 GOMMILI'I'ONIBUS
1183 1039 1500 1072 DILEG‘I'ISSIMIS

1054 1120 1077 1146 S.
1113 1120 1140 1145 P.
1178 1119 1208 1144 D.

413 1363 541 1444 Quae
565 1393 644 1423 ante
681 1389 742 1423 hos
778 1389 895 1423 decem
929 1401 1035 1423 annos
1064 1390 1096 1422 in
1134 1386 1478 1421 commentationibus
1505 1385 1785 1419 Mommsenianis
1820 1388 1855 1418 et
1883 1391 1961 1418 ante

312 1450 374 1485 hos
402 1454 532 1493 septem
561 1460 667 1483 annos
695 1451 727 1483 in
755 1450 993 1493 supplemento
1014 1449 1225 1493 quaestionis
1252 1447 1294 1481 de
1316 1447 1575 1481 Pindaricorum
1605 1447 1790 1480 carminum
1818 1446 1961 1479 chrono-

310 1511 401 1555 logia
431 1511 616 1545 lectionum
644 1511 866 1545 hibernarum
898 1510 1201 1554 Marburgcnsium
1228 1508 1330 1542 indici
1357 1508 1546 1551 praemisso
1574 1507 1615 1541 de
1638 1507 1775 1550 Pythici
1802 1506 1961 1540 carminis

309 1573 412 1616 primi
446 1572 659 1615 temporibus
695 1571 972 1615 disputaveram,
1017 1582 1133 1605 eorum
1179 1570 1342 1614 pleraque
1377 1579 1551 1603 assensum
1596 1569 1748 1602 virorum
1783 1567 1962 1601 doctorum

314 1634 486 1668 tulerunt:
528 1634 654 1667 etenim
690 1632 888 1667 conceditur
917 1633 989 1666 t'ere
1025 1636 1059 1665 et
1086 1632 1232 1665 Aetnam
1268 1635 1417 1664 montem
1446 1629 1658 1673 Olympiadis
1687 1629 1962 1672 septuagesimae

309 1695 452 1738 quintae
481 1704 568 1728 anno
599 1693 748 1727 secundo
775 1694 901 1727 arsisse
929 1697 964 1727 et
988 1693 1134 1726 Aetnam
1163 1692 1281 1725 urbem
1303 1690 1515 1734 Olympiadis
1544 1690 1818 1733 septuagesimae
1846 1693 1963 1723 sextae

313 1766 400 1790 anno
436 1756 544 1799 primo
585 1755 756 1789 conditam
799 1764 873 1788 esse
919 1758 953 1788 et
997 1754 1157 1788 carminis
1203 1763 1322 1786 versus
1358 1752 1499 1785 oti—52
1534 1751 1577 1784 ad
1613 1752 1800 1785 Cumanum
1839 1750 1961 1784 bellum

313 1816 526 1860 Olympiadis
563 1816 838 1859 septuagesimae
872 1819 991 1849 sextae
1027 1825 1113 1848 anno
1144 1815 1247 1847 tertio
1280 1818 1414 1856 gestum
1440 1816 1606 1855 spectare.
1668 1814 1821 1853 Quarmn
1848 1821 1962 1845 rerum

311 1878 670 1911 commemorationem
706 1877 804 1911 facile
839 1880 987 1919 apparet
1023 1886 1088 1909 non
1124 1875 1278 1918 potuisse
1314 1884 1379 1907 non
1413 1884 1452 1907 00
1477 1873 1790 1907 vehementioribus
1819 1872 1964 1906 stimulis

313 1939 442 1972 animos
481 1938 690 1971 audientium
725 1947 879 1978 movere,
923 1948 988 1979 quo
1029 1937 1159 1970 minore
1196 1935 1375 1969 intervallo
1419 1934 1460 1968 ab
1494 1945 1532 1968 eo
1569 1945 1655 1967 anno
1691 1945 1756 1977 quo
1793 1933 1962 1967 Pindarus

317 1998 501 2032 Hieronem
524 1999 715 2032 Aetnaeum
735 1999 856 2032 cecinit
875 1998 1138 2040 separabantur,
1167 1996 1269 2039 idque
1296 2006 1368 2029 eum
1398 1997 1446 2028 ita
1476 2000 1577 2035 esset,
1610 1998 1692 2028 Otto
1717 1994 1961 2038 Schroederus,

311 2060 368 2102 qui
398 2059 529 2102 pridem
561 2059 662 2093 aliter
689 2063 862 2097 senserat,
895 2069 932 2091 eo
963 2058 1132 2092 adductus
1162 2061 1213 2090 est
1240 2061 1277 2090 ut
1305 2056 1414 2099 odam,
1444 2055 1485 2089 de
1513 2066 1579 2099 qua
1606 2066 1717 2089 sermo
1743 2060 1805 2099 est,
1833 2067 1961 2089 mecum

315 2119 529 2164 Olympiadis
557 2120 832 2163 septuagesimae
867 2123 986 2153 sextae
1015 2130 1103 2152 anno
1141 2119 1246 2152 tertio
1275 2117 1465 2150 vindicaret
1498 2117 1646 2160 miliique
1681 2116 1722 2150 de
1756 2116 1964 2160 Pythiadum

319 2181 458 2215 calculis
488 2181 715 2222 assentiretur
743 2180 1035 2219 (Jahreshericlne
1062 2181 1119 2213 des
1144 2179 1249 2223 philol
1292 2177 1431 2211 Vereins
1458 2189 1498 2211 2-11
1526 2177 1643 2210 Berlin
1672 2177 1765 2220 wll,
1793 2180 1867 2221 45),
1905 2188 1965 2211 nec

316 2242 426 2276 minus
453 2242 659 2285 astipulatus
691 2246 744 2276 est
773 2241 805 2276 J.
834 2241 1002 2275 Sitzlerus
1034 2241 1169 2282 (Plie'lol.
1190 2238 1395 2272 Runasclmu
1426 2240 1526 2281 1851,
1556 2249 1587 2282 p.
1614 2240 1703 2282 113).
1755 2240 1803 2272 At
1828 2240 1966 2282 negavit

320 2313 429 2346 nuper
453 2303 713 2337 Bornemannus
740 2303 789 2337 ita
815 2307 908 2336 reete
937 2302 1090 2336 concludi
1119 2300 1349 2342 (dabre-eben.
1367 2299 1416 2333 ἠὺ.
1436 2300 1464 2334 d.
1486 2300 1678 2333 For-iselam:
1699 2301 1726 2333 (Ι.
1746 2301 1785 2334 cl.
1805 2300 1966 2344 Awsclzfl.

319 2362 428 2406 XLII,
455 2365 532 2407 78):
568 2365 723 2407 potuisse
750 2364 837 2398 enim
871 2368 904 2397 et
938 2363 1061 2397 montis
1097 2362 1286 2404 eruptionis
1324 2362 1490 2395 novennio
1518 2367 1597 2404 post
1624 2367 1657 2395 et
1687 2362 1844 2396 conditae
1872 2363 1966 2397 urbis

316 2425 480 2458 sexennio
507 2430 587 2467 post
615 2430 649 2459 et
675 2425 816 2459 Cumani
854 2425 933 2459 belli
963 2424 1188 2468 quadriennio
1216 2428 1295 2466 post
1328 2424 1375 2456 ita
1403 2428 1439 2456 ut
1463 2422 1632 2457 Pindarus
1658 2424 1739 2457 fecit
1763 2424 1965 2457 mentionem

319 2485 457 2529 haberi,
495 2485 576 2519 1111111
615 2486 720 2529 igitur
757 2485 898 2519 obstare
926 2486 1107 2528 quominus
1135 2483 1347 2527 Olympiadis
1383 2485 1658 2527 septuagesimae
1683 2486 1848 2527 septimae
1879 2495 1967 2518 anno

319 2547 425 2580 tertio
452 2557 524 2580 enm
548 2546 700 2589 Bergkio
728 2555 863 2580 carmen
892 2546 1075 2579 tribuatur.
1128 2545 1226 2586 Quod
1251 2545 1399 2588 quidem,
1427 2550 1463 2579 ut
1483 2546 1548 2579 iam
1567 2546 1697 2589 pridem
1726 2546 1884 2590 indicari,
1914 2554 1965 2580 est

1675 2607 1705 2630 Ι,
